  @article{latex-einfuehrung,
    author = {Sabrina Patsch},
    title = {Befreiungsschlag für Ihre Dokumente},
    subtitle = {Einführung in das Textsatzsystem LaTeX},
    journal = {c't},
    volume = {16},
    year = {2025},
    pages = {144--147},
}